

@article{problem-description,
    author = "Iosifidis, Alexandros",
    title = "Kaggle\_Problem\_Description",
    year = "2022",
}

@inbook{statistical-book,
    title = {The Elements of Statistical Learning - 2. Edition},
    author = {Trevor Hastie, Robert Tibshirani, Jerome Friedman},
    series = {Springer Series in Statistics},
    year = {2017},
    chapter = "12",
    publisher = {Springer},
}

@online{svm-imbalanced-data,
    author = "Jason Brownlee",
    title = "Cost-Sensitive SVM for Imbalanced Classification",
    url  = "https://machinelearningmastery.com/cost-sensitive-svm-for-imbalanced-classification/",
    addendum = "(accessed: 22.04.2022)",
}

@article{scikit-learn,
 title={Scikit-learn: Machine Learning in {P}ython},
 author={Pedregosa, F. and Varoquaux, G. and Gramfort, A. and Michel, V.
         and Thirion, B. and Grisel, O. and Blondel, M. and Prettenhofer, P.
         and Weiss, R. and Dubourg, V. and Vanderplas, J. and Passos, A. and
         Cournapeau, D. and Brucher, M. and Perrot, M. and Duchesnay, E.},
 journal={Journal of Machine Learning Research},
 volume={12},
 pages={2825--2830},
 year={2011}
}